@MISC{URL:HTTP,
   author    = "Wikipedia",
   note      = {http://es.wikipedia.org/wiki/N%C3%BAmero_%CF%80\_style/}
}
@MISC{URL:XML,
   author    = "Taringa",
   note      = {http://www.taringa.net/posts/info/3929246/Pi---Curiosidades-y-datos.html\_style/}
}